@misc{athalyeNeuralHashCollider2021,
	title = {{NeuralHash} {Collider}},
	copyright = {MIT},
	howpublished = {\url{https://github.com/anishathalye/neural-hash-collider}},
	abstract = {Preimage attack against NeuralHash ðŸ’£},
	urldate = {2021-09-29},
	author = {Athalye, Anish},
	month = sep,
	year = {2021},
	note = {original-date: 2021-08-19T00:06:20Z},
}


@misc{ygvarAppleNeuralHash2ONNX2021,
	title = {{AppleNeuralHash2ONNX}},
	copyright = {Apache-2.0},
	howpublished = {\url{https://github.com/AsuharietYgvar/AppleNeuralHash2ONNX}},
	abstract = {Convert Apple NeuralHash model for CSAM Detection to ONNX.},
	urldate = {2021-09-29},
	author = {Ygvar, Asuhariet},
	month = sep,
	year = {2021},
	note = {original-date: 2021-08-15T19:52:47Z},
	keywords = {apple, machine-learning, neuralhash, reverse-engineering},
}


@misc{cheerlaNeuralHashAdversarialSteganographic2021,
	title = {{NeuralHash}: {An} {Adversarial} {Steganographic} {Method} {For} {Robust}, {Imperceptible} {Watermarking}},
	shorttitle = {{NeuralHash}},
	howpublished = {\url{https://github.com/nikcheerla/neuralhash}},
	abstract = {:cyclone: building the next-gen watermark with deep learning.},
	urldate = {2021-09-29},
	author = {Cheerla, Nikhil},
	month = sep,
	year = {2021},
	note = {original-date: 2018-02-17T03:55:00Z},
}

@misc{bhowmick2021apple,
  title={The {Apple} {PSI} {System}},
  author={Bhowmick, Abhishek and Boneh, Dan and Myers, Steve and Tarbe, Kunal Talwar Karl},
	howpublished = {\url{https://www.apple.com/child-safety/pdf/Apple_PSI_System_Security_Protocol_and_Analysis.pdf}},
  institution=Apple Inc.,
  year={2021}
}

@article{kiss2017private,
  title={Private Set Intersection for Unequal Set Sizes with Mobile Applications.},
  author={Kiss, {\'A}gnes and Liu, Jian and Schneider, Thomas and Asokan, N and Pinkas, Benny},
  journal={Proc. Priv. Enhancing Technol.},
  volume={2017},
  number={4},
  pages={177--197},
  year={2017}
}

@book{katz2014introduction,
  title={Introduction to modern cryptography},
  author={Katz, Jonathan and Lindell, Yehuda},
  year={2014},
  publisher={Chapman and Hall/CRC}
}

@misc{cox20201,
	title = {Apple {Defends} {Its} {Anti}-{Child} {Abuse} {Imagery} {Tech} {After} {Claims} of â€˜{Hash} {Collisions}â€™},
  author={Cox, Joseph and Franceshi-Bicchierai, Lorenzo, and Cole, Samantha},
	howpublished = {\url{https://www.vice.com/en/article/wx5yzq/apple-defends-its-anti-child-abuse-imagery-tech-after-claims-of-hash-collisions}},
	abstract = {Apple said the version of NeuralHash analyzed by researchers is not the final version that will be used for iCloud Photos CSAM detection.},
	language = {en},
	urldate = {2021-09-30},
	file = {Snapshot:/home/alessandro/Zotero/storage/GIHNT4XD/apple-defends-its-anti-child-abuse-imagery-tech-after-claims-of-hash-collisions.html:text/html},
}

@misc{CSAMDetectionTechnical2021,
	title = {{CSAM} {Detection}: Technical Summary},
  author={Apple Inc.,},
	language = {en},
	howpublished = {\url{https://www.apple.com/child-safety/pdf/CSAM_Detection_Technical_Summary.pdf}},
  institution=Apple Inc.,
	year = {2021},
	pages = {12},
}
